%%% Biber accepts '%' for marking comments

@book{BachBWV988,
	author={Bach, Johann Sebastian},
	title={Goldberg-Variationen für Streichquartett, BWV 988},
	editor={Anka, Dana},
	publisher={Musikverlag Hans Sikorski},
	location={Hamburg},
	date={2017},
	langid={ngerman}
}

@thesis{Bacher2004,
	author={Bacher, Florian},
	title={Interaktionsmöglichkeiten mit Bildschirmen und großflächigen Projektionen},
	type={bathesis},
	date={2004-06},
	institution={University of Applied Sciences Upper Austria, Medientechnik und {-design}},
	location={Hagenberg, Austria},
	langid={ngerman}
}

@manual{Bezos2021,
	author={Bezos, Javier and Braams, Johannes L.},
	title={Babel},
	subtitle={Localization and internationalization},
	date={2021-04-26},
	version={3.58},
	url={http://mirrors.ctan.org/macros/latex/required/babel/base/babel.pdf},
	langid={english}
}

@incollection{BurgeBurger1999,
	author={Burge, Mark and Burger, Wilhelm},
	title={Ear Biometrics},
	booktitle={Biometrics},
	booksubtitle={Personal Identification in Networked Society},
	publisher={Kluwer Academic Publishers},
	date={1999},
	location={Boston},
	editor={Jain, Anil K. and Bolle, Ruud and Pankanti, Sharath},
	chapter={13},
	pages={273-285},
	langid={english}
}

@inproceedings{Burger1987,
	author={Burger, Wilhelm and Bhanu, Bir},
	title={Qualitative Motion Understanding},
	booktitle={Proceedings of the Tenth International Joint Conference on Artificial Intelligence},
	date={1987-08},
	editor={McDermott, John P.},
	eventdate={1987-08-23/1987-08-28},
	venue={Milano},
	publisher={Morgan Kaufmann Publishers},
	location={San Francisco},
	pages={819-821},
	langid={english}
}

@book{BurgerBurge2015,
	author={Burger, Wilhelm and Burge, Mark James},
	title={Digitale Bildverarbeitung},
	subtitle={Eine algorithmische Einführung mit Java},
	publisher={Springer},
	location={Berlin and Heidelberg},
	edition={3},
	date={2015},
	langid={ngerman}
}

@book{BurgerBurge2016,
	author={Burger, Wilhelm and Burge, Mark James},
	title={Digital Image Processing},
	subtitle={An Algorithmic Introduction Using Java},
	publisher={Springer},
	location={London},
	edition={2},
	date={2016},
	langid={english}
}

@manual{Carlisle2020,
	author={Carlisle, David P.},
	title={Packages in the {`graphics'} bundle},
	date={2020-08-21},
	url={http://mirrors.ctan.org/macros/latex/required/graphics/grfguide.pdf},
	langid={english}
}

@image{CocaCola1940,
	author={Wolcott, Marion Post},
	title={Natchez, Miss.},
	note={Library of Congress Prints and Photographs Division Washington, Farm Security Administration/Office of War Information Color Photographs},
	date={1940-08},
	url={https://www.loc.gov/pictures/item/2017877479/},
	langid={english}
}

@unpublished{Dai2016,
	author={Dai, Jifeng and Li,Yi and He, Kaiming and Sun, Jian},
	title={{R-FCN:} Object Detection via Region-Based Fully Convolutional Networks},
	date={2016},
	url={https://arxiv.org/abs/1605.06409},
	pubstate = {prepublished},
	langid={english}
}

@manual{Daniel2018,
	author={Daniel, Marco and Gundlach, Patrick and Schmidt, Walter and Knappen, Jörg and Partl, Hubert and Hyna, Irene},
	title={\LaTeX2e-Kurzbeschreibung},
	date={2018-04-08},
	version={3.0c},
	url={http://mirrors.ctan.org/info/lshort/german/l2kurz.pdf},
	langid={ngerman}
}

@report{Drake1948,
	author={Drake, Hubert M. and McLaughlin, Milton D. and Goodman, Harold R.},
	title={Results obtained during accelerated transonic tests of the {Bell} {XS-1} airplane in flights to a {MACH} number of 0.92},
	type={techreport},
	institution={NASA Dryden Flight Research Center},
	date={1948-01},
	location={Edwards, CA},
	number={NACA-RM-L8A05A},
	url={https://www.nasa.gov/centers/dryden/pdf/87528main_RM-L8A05A.pdf},
	langid={english}
}

@book{Duden1997,
	author={Friedrich, Christoph},
	title={Schriftliche Arbeiten im technisch-natur\-wissen\-schaft\-lichen Studium}, 
	subtitle={Ein Leitfaden zur effektiven Erstellung und zum Einsatz moderner Arbeitsmethoden},
	publisher={Bibliographisches Institut},
	series={Duden Taschenbücher},
	volume={27},
	location={Mannheim},
	date={1997},
	langid={ngerman}
}

@thesis{Eberl1987,
	author={Eberl, Gerhard},
	title={Automatischer Landeanflug durch Rechnersehen},
	type={phdthesis},
	date={1987-08},
	institution={Universität der Bundeswehr, Fakultät für Raum- und Luftfahrttechnik},
	location={München},
	langid={ngerman}
}

@legislation{EuRichtlinie2000,
	author={{Europäische Union}},
	title={Richtline 2000/14/EG des Europäischen Parlaments und des Rates vom 8.\ Mai 2000 zur 
		Angleichung der Rechtsvorschriften der Mitgliedstaaten über umweltbelastende Geräuschemissionen 
		von zur Verwendung im Freien vorgesehenen Geräten und Maschinen},
	howpublished={Amtsblatt der Europäischen Gemeinschaften, L 162},
	date={2000-05-08},
	url={https://eur-lex.europa.eu/LexUriServ/LexUriServ.do?uri=CONSLEG:2000L0014:20051227:de:PDF},
	langid={german}
}

@book{Faires1934,
	author={Faires, Virgil Moring},
	title={Design of Machine Elements},
	publisher={The Macmillan Company},
	date={1934},
	origdate={1920},
	note={Originalausgabe 1920},
	langid={english}
}

@online{Feder2006,
	author={Feder, Alexander},
	title={{BibTeX.org}},
	date={2006},
	url={http://www.bibtex.org/},
	urldate={2021-05-12},
	langid={english}
}

@legislation{FhStG1993,
	title={Bundesgesetz über Fachhochschulen},
	titleaddon={Fachhochschulgesetz – FHG},
	howpublished={BGBl.\ Nr.\ 340/1993, zuletzt geändert mit Bundesgesetz BGBl.\ I Nr.\ 77/2020},
	date={1993-05-28},
	url={https://www.ris.bka.gv.at/GeltendeFassung.wxe?Abfrage=Bundesnormen&Gesetzesnummer=10009895},
	langid={ngerman}
}

@video{Futurama1999,
	author={Groening, Matt},
	title={Futurama},
	titleaddon={Season 1 Collection},
	howpublished={DVD},
	date={2002-02},
	organization={Twentieth Century Fox Home Entertainment},
	langid={english}
}

@incollection{GershwinSummertime,
	author={Gershwin, George and Heyward, DuBose},
	title={Summertime},
	booktitle={The Greatest Songs of George Gershwin},
	publisher={Chappel Music},
	location={London},
	pages={40-43},
	date={1979},
	langid={english}
}

@book{HaydnCelloConcerto2,
	author={Haydn, Josef},
	title={Konzert für Violoncello No.\ 2 in D-Dur, Hob.VIIb:2},
	editor={Soldan,Kurt},
	publisher={C. F. Peters},
	location={Leipzig},
	date={1920},
	langid={ngerman}
}

@book{Hemleben1969,
	author={Hemleben, Johannes},
	title={Galilei, Galileo},
	publisher={rororo},
	date={1969},
	edition={20},
	langid={german}
}

@book{Higham2020,
	author={Higham, Nicholas J.},
	title={Handbook of Writing for the Mathematical Sciences},
	publisher={Society for Industrial and Applied Mathematics (SIAM)},
	location={Philadelphia},
	edition={3},
	date={2020},
	url={https://www.maths.manchester.ac.uk/~higham/hwms/},
	langid={english}
}

@video{HistoryOfComputers2008,
	title={History of Computers},
	date={2008-09-24},
	url={https://www.youtube.com/watch?v=LvKxJ3bQRKE},
	langid={english}
}

@online{IBM360,
	author={IBM},
	title={System 360},
	subtitle={From Computers to Computer Systems},
	date={2012-03-07},
	url={https://www.ibm.com/ibm/history/ibm100/us/en/icons/system360/impacts/},
	urldate={2021-05-12},
	langid={english}
}

@manual{Kime2020,
	author={Kime, Philip and Wemheuer, Moritz and Lehman, Philipp},
	title={The \texttt{biblatex} Package},
	subtitle={Programmable Bibliographies and Citations},
	date={2020-12-31},
	version={3.16},
	url={http://mirrors.ctan.org/macros/latex/contrib/biblatex/doc/biblatex.pdf},
	langid={english}
}

@book{Kopka2003,
	author={Kopka, Helmut and Daly, Patrick William},
	title={Guide to \LaTeX},
	series={Tools and Techniques for Computer Typesetting},
	publisher={Addison-Wesley},
	location={Reading, MA},
	date={2003},
	edition={4},
	langid={english}
}

@book{Lamport1994,
	author={Lamport, Leslie},
	title={{LaTeX}, A Document Preparation System},
	subtitle={User's Guide and Reference Manual},
	publisher={Addison-Wesley},
	location={Reading, MA},
	date={1994},
	edition={2},
	langid={english}
}

@book{Lamport1995,
	author={Lamport, Leslie},
	title={Das {LaTeX}-Handbuch},
	publisher={Addison-Wesley},
	location={Reading, MA},
	date={1995},
	edition={3},
	langid={ngerman}
}

@software{LegendOfZelda1998,
	author={Miyamoto, Shigeru and Aonuma, Eiji and Koizumi, Yoshiaki},
	title={The Legend of Zelda: Ocarina of Time},
	howpublished={N64-Spielmodul},
	publisher={Nintendo},
	date={1998-11},
	langid={english}
}

@thesis{Loimayr2019,
	author={Loimayr, Nora},
	title={Utilization of GPU-Based Smoothed Particle Hydrodynamics for Immersive Audiovisal Experiences},
	type={mathesis},
	date={2019-11-26},
	month={11},
	institution={University of Applied Sciences Upper Austria, Interactive Media},
	location={Hagenberg, Austria},
	url={https://theses.fh-hagenberg.at/thesis/Loimayr19},
	langid={english}
}

@article{Mermin1989,
	author={Mermin, Nathaniel David},
	title={What's wrong with these equations?},
	journaltitle={Physics Today},
	volume={42},
	number={10},
	date={1989},
	pages={9-11},
	langid={english}
}

@manual{Mittelbach2020,
	author={Mittelbach, Frank and Schöpf, Rainer and Downes, Michael and Jones, David M. and Carlisle, David},
	title={The \texttt{amsmath} package},
	date={2020-09-23},
	version={2.17i},
	url={http://mirrors.ctan.org/macros/latex/required/amsmath/amsmath.pdf},
	langid={english}
}

@movie{Nosferatu1922,
	title={Nosferatu -- A Symphony of Horrors},
	howpublished={Film},
	date={1922},
	note={Drehbuch/Regie: F.\ W.\ Murnau. Mit Max Schreck, Gustav von Wangenheim, Greta Schröder.},
	langid={english}
}

@manual{Oetiker2021,
	author={Oetiker, Tobias and Partl, Hubert and Hyna, Irene and Schlegl, Elisabeth},
	title={The Not So Short Introduction to \LaTeXe},
	subtitle={Or \LaTeXe in 139 minutes},
	date={2021-03-09},
	version={6.4},
	url={http://mirrors.ctan.org/info/lshort/english/lshort.pdf},
	langid={english}
}

@legislation{OoeRaumordnungsgesetz1994,
	title={Landesgesetz vom 6. Oktober 1993 über die Raumordnung im Land Oberösterreich},
	titleaddon={Oö. Raumordnungsgesetz 1994 - Oö. ROG 1994},
	howpublished={LGBl.Nr. 114/1993 zuletzt geändert durch LGBl.Nr. 125/2020},
	date={1993-12-23},
	url={https://www.ris.bka.gv.at/GeltendeFassung.wxe?Abfrage=LrOO&Gesetzesnummer=10000370},
	langid={ngerman}
}

@manual{Oostrum2021,
	author={Oostrum, {Pieter van}},
	title={The \texttt{fancyhdr} and \texttt{extramarks} packages},
	date={2021-01-28},
	version={4.0.1},
	url={http://mirrors.ctan.org/macros/latex/contrib/fancyhdr/fancyhdr.pdf},
	langid={english}
}

@manual{Pakin2021,
	author={Pakin, Scott},
	title={The Comprehensive {\LaTeX} Symbol List},
	date={2021-05-05},
	url={http://mirrors.ctan.org/info/symbols/comprehensive/symbols-a4.pdf},
	langid={english}
}

@manual{Patashnik1988,
	author={Patashnik, Oren},
	title={{BiBTeXing}},
	date={1988-02-08},
	url={http://mirrors.ctan.org/biblio/bibtex/base/btxdoc.pdf},
	langid={english}
}

@patent{Pike2008,
	author={Pike, Dion},
	title={Master-slave communications system and method for a network element},
	type={US Patent},
	holder={Alcatel-Lucent SAS},
	number={7,460,482},
	date={2008-12-02},
	url={https://patents.google.com/patent/US7460482},
	langid={english}
}

@movie{Psycho1960,
	title={Psycho},
	howpublished={Film},
	date={1960},
	note={Regie: Alfred Hitchcock, 
		Drehbuch: Joseph Stefano.
		Nach dem Roman von Robert Bloch. 
		Mit Anthony Perkins, Vera Miles, Janet Leigh.},
	langid={english}
}

@book{Sedgewick2011,
	author={Sedgewick, Robert and Wayne, Kevin},
	title={Algorithms},
	publisher={Addison-Wesley},
	location={Reading, MA},
	date={2011},
	edition={4},
	langid={english}
}

@book{ShostakovichOp110,
	author={Shostakovich, Dimitri},
	title={Streichquartett Nr.\ 8 in c-Moll, Op.\ 110},
	editor={Hans Sikorski},
	publisher={G. Schirmer},
	location={New York},
	date={1960},
	langid={ngerman}
}

@manual{Sommerfeldt2020,
	author={Sommerfeldt, Axel},
	title={Anpassen der Abbildungs- und Tabellenbeschriftungen},
	date={2020-08-22},
	url={http://mirrors.ctan.org/macros/latex/contrib/caption/caption-deu.pdf},
	langid={ngerman}
}

@software{SpringFramework,
	title={Spring Framework},
	url={https://github.com/spring-projects/spring-framework},
	langid={english}
}

@article{Vardavoulia2001,
	author={Vardavoulia, Maria I. and Andreadis, Ioannis and Tsalides, Phillipos},
	title={A new vector median filter for colour image processing},
	journaltitle={Pattern Recognition Letters},
	volume={22},
	number={6-7},
	pages={675-689},
	date={2001},
	langid={english}
}

@manual{Voss2014,
	author={Voß, Herbert},
	title={Math mode},
	date={2014-01-30},
	version={2.47},
	url={http://mirrors.ctan.org/obsolete/info/math/voss/mathmode/Mathmode.pdf},
	langid={english}
}

@standard{WHATWGHTMLLivingStandard,
	author={{Web Hypertext Application Technology Working Group}},
	shortauthor={WHATWG},
	title={HTML},
	titleaddon={Living Standard},
	date={2021-05-11},
	url={https://html.spec.whatwg.org/},
	langid={english}
}

@online{WikiReliquienschrein2020,
	title={Reliquienschrein},
	url={https://de.wikipedia.org/wiki/Reliquienschrein},
	date={2020-10-20},
	urldate={2021-05-12},
	langid={ngerman}
}

@audio{Zappa1995,
	author={Zappa, Frank},
	title={Freak Out!},
	type={audiocd},
	date={1995-05},
	organization={Rykodisc, New York},
	langid={english}
}

@image{BayerCFA,
	author={Burnett, Colin M.L.},
	title={Bayer pattern on sensor},
	note={A Bayer pattern on a sensor in isometric perspective/projection},
	date={2006-12-28},
	url={https://commons.wikimedia.org/wiki/File:Bayer_pattern_on_sensor.svg},
	langid={english}
}

@article{Gharbi2016,
   abstract = {Demosaicking and denoising are the key first stages of the digital imaging pipeline but they are also a severely ill-posed problem that infers three color values per pixel from a single noisy measurement. Earlier methods rely on hand-crafted filters or priors and still exhibit disturbing visual artifacts in hard cases such as moiré or thin edges. We introduce a new data-driven approach for these challenges: we train a deep neural network on a large corpus of images instead of using hand-tuned filters. While deep learning has shown great success, its naive application using existing training datasets does not give satisfactory results for our problem because these datasets lack hard cases. To create a better training set, we present metrics to identify difficult patches and techniques for mining community photographs for such patches. Our experiments show that this network and training procedure outperform state-of-the-art both on noisy and noise-free data. Furthermore, our algorithm is an order of magnitude faster than the previous best performing techniques.},
   author = {Michaël Gharbi and Gaurav Chaurasia and Sylvain Paris and Frédo Durand},
   doi = {10.1145/2980179.2982399},
   issn = {15577368},
   issue = {6},
   journal = {ACM Transactions on Graphics},
   title = {Deep joint demosaicking and denoising},
   volume = {35},
   year = {2016},
}

@article{Mittal2013,
   abstract = {An important aim of research on the blind image quality assessment (IQA) problem is to devise perceptual models that can predict the quality of distorted images with as little prior knowledge of the images or their distortions as possible. Current state-of-the-art 'general purpose' no reference (NR) IQA algorithms require knowledge about anticipated distortions in the form of training examples and corresponding human opinion scores. However we have recently derived a blind IQA model that only makes use of measurable deviations from statistical regularities observed in natural images, without training on human-rated distorted images, and, indeed without any exposure to distorted images. Thus, it is 'completely blind.' The new IQA model, which we call the Natural Image Quality Evaluator (NIQE) is based on the construction of a 'quality aware' collection of statistical features based on a simple and successful space domain natural scene statistic (NSS) model. These features are derived from a corpus of natural, undistorted images. Experimental results show that the new index delivers performance comparable to top performing NR IQA models that require training on large databases of human opinions of distorted images. A software release is available at http://live.ece.utexas.edu/research/ quality/niqe-release.zip. © 2013 IEEE.},
   author = {Anish Mittal and Rajiv Soundararajan and Alan C. Bovik},
   doi = {10.1109/LSP.2012.2227726},
   issn = {10709908},
   issue = {3},
   journal = {IEEE Signal Processing Letters},
   title = {Making a 'completely blind' image quality analyzer},
   volume = {20},
   year = {2013},
}

@article{Menon2011,
   abstract = {Demosaicking is the process of reconstructing a full-resolution color image from the sampled data acquired by a digital camera that apply a color filter array to a single sensor. This paper discusses the need of a color filter array and presents a survey of several techniques proposed to demosaicking. A comparison between the different methods is also provided, discussing their performances. © 2011 Elsevier B.V.},
   author = {Daniele Menon and Giancarlo Calvagno},
   doi = {10.1016/j.image.2011.04.003},
   issn = {09235965},
   issue = {8-9},
   journal = {Signal Processing: Image Communication},
   title = {Color image demosaicking: An overview},
   volume = {26},
   year = {2011},
}

@inproceedings{Ronneberger2015,
   abstract = {There is large consent that successful training of deep networks requires many thousand annotated training samples. In this paper, we present a network and training strategy that relies on the strong use of data augmentation to use the available annotated samples more efficiently. The architecture consists of a contracting path to capture context and a symmetric expanding path that enables precise localization. We show that such a network can be trained end-to-end from very few images and outperforms the prior best method (a sliding-window convolutional network) on the ISBI challenge for segmentation of neuronal structures in electron microscopic stacks. Using the same network trained on transmitted light microscopy images (phase contrast and DIC) we won the ISBI cell tracking challenge 2015 in these categories by a large margin. Moreover, the network is fast. Segmentation of a 512x512 image takes less than a second on a recent GPU. The full implementation (based on Caffe) and the trained networks are available at http://lmb.informatik.uni-freiburg.de/people/ronneber/u-net.},
   author = {Olaf Ronneberger and Philipp Fischer and Thomas Brox},
   doi = {10.1007/978-3-319-24574-4_28},
   issn = {16113349},
   journal = {Lecture Notes in Computer Science (including subseries Lecture Notes in Artificial Intelligence and Lecture Notes in Bioinformatics)},
   title = {U-net: Convolutional networks for biomedical image segmentation},
   volume = {9351},
   year = {2015},
}

@inproceedings{Kim2020,
   abstract = {Latest trend in image sensor technology allowing submicron pixel size for high-end mobile devices comes at very high image resolutions and with irregularly sampled Quad Bayer color filter array (CFA). Sustaining image quality becomes a challenge for the image signal processor (ISP), namely for demosaicing. Inspired by the success of deep learning approach to standard Bayer demosaicing, we aim to investigate how artifacts-prone Quad Bayer array can benefit from it. We found that deeper networks are capable to improve image quality and reduce artifacts; however, deeper networks can be hardly deployed on mobile devices given very high image resolutions: 24MP, 36MP, 48MP. In this article, we propose an efficient end-to-end solution to bridge this gap-a duplex pyramid network (DPN). Deep hierarchical structure, residual learning, and linear feature map depth growth allow very large receptive field, yielding better details restoration and artifacts reduction, while staying computationally efficient. Experiments show that the proposed network outperforms state of the art for standard and Quad Bayer demosaicing. For the challenging Quad Bayer CFA, the proposed method reduces visual artifacts better than state-of-the-art deep networks including artifacts existing in conventional commercial solutions. While superior in image quality, it is 2-25 times faster than state-of-the-art deep neural networks and therefore feasible for deployment on mobile devices, paving the way for a new era of on-device deep ISPs.},
   author = {Irina Kim and Seongwook Song and Soonkeun Chang and Sukhwan Lim and Kai Guo},
   doi = {10.2352/J.ImagingSci.Technol.2019.63.6.060410},
   issn = {24701173},
   issue = {7},
   journal = {IS and T International Symposium on Electronic Imaging Science and Technology},
   title = {Deep image demosaicing for submicron image sensors},
   volume = {2020},
   year = {2020},
}
